@misc{zeng2024goodbadexploringprivacy,
  title         = {The Good and The Bad: Exploring Privacy Issues in Retrieval-Augmented Generation (RAG)},
  author        = {Shenglai Zeng and Jiankun Zhang and Pengfei He and Yue Xing and Yiding Liu and Han Xu and Jie Ren and Shuaiqiang Wang and Dawei Yin and Yi Chang and Jiliang Tang},
  year          = {2024},
  eprint        = {2402.16893},
  archiveprefix = {arXiv},
  primaryclass  = {cs.CR},
  url           = {https://arxiv.org/abs/2402.16893}
}
@misc{lewis2021retrievalaugmentedgenerationknowledgeintensivenlp,
      title={Retrieval-Augmented Generation for Knowledge-Intensive NLP Tasks}, 
      author={Patrick Lewis and Ethan Perez and Aleksandra Piktus and Fabio Petroni and Vladimir Karpukhin and Naman Goyal and Heinrich Küttler and Mike Lewis and Wen-tau Yih and Tim Rocktäschel and Sebastian Riedel and Douwe Kiela},
      year={2021},
      eprint={2005.11401},
      archivePrefix={arXiv},
      primaryClass={cs.CL},
      url={https://arxiv.org/abs/2005.11401}, 
}
@misc{tan2024gluepizzaeatrocks,
      title={"Glue pizza and eat rocks" -- Exploiting Vulnerabilities in Retrieval-Augmented Generative Models}, 
      author={Zhen Tan and Chengshuai Zhao and Raha Moraffah and Yifan Li and Song Wang and Jundong Li and Tianlong Chen and Huan Liu},
      year={2024},
      eprint={2406.19417},
      archivePrefix={arXiv},
      primaryClass={cs.CR},
      url={https://arxiv.org/abs/2406.19417}, 
}
@misc{xue2024badragidentifyingvulnerabilitiesretrieval,
      title={BadRAG: Identifying Vulnerabilities in Retrieval Augmented Generation of Large Language Models}, 
      author={Jiaqi Xue and Mengxin Zheng and Yebowen Hu and Fei Liu and Xun Chen and Qian Lou},
      year={2024},
      eprint={2406.00083},
      archivePrefix={arXiv},
      primaryClass={cs.CR},
      url={https://arxiv.org/abs/2406.00083}, 
}
@misc{jin2024healthllmpersonalizedretrievalaugmenteddisease,
      title={Health-LLM: Personalized Retrieval-Augmented Disease Prediction System}, 
      author={Mingyu Jin and Qinkai Yu and Dong Shu and Chong Zhang and Lizhou Fan and Wenyue Hua and Suiyuan Zhu and Yanda Meng and Zhenting Wang and Mengnan Du and Yongfeng Zhang},
      year={2024},
      eprint={2402.00746},
      archivePrefix={arXiv},
      primaryClass={cs.CL},
      url={https://arxiv.org/abs/2402.00746}, 
}
@misc{du2024vulragenhancingllmbasedvulnerability,
      title={Vul-RAG: Enhancing LLM-based Vulnerability Detection via Knowledge-level RAG}, 
      author={Xueying Du and Geng Zheng and Kaixin Wang and Jiayi Feng and Wentai Deng and Mingwei Liu and Bihuan Chen and Xin Peng and Tao Ma and Yiling Lou},
      year={2024},
      eprint={2406.11147},
      archivePrefix={arXiv},
      primaryClass={cs.SE},
      url={https://arxiv.org/abs/2406.11147}, 
}
@misc{gao2024retrievalaugmentedgenerationlargelanguage,
      title={Retrieval-Augmented Generation for Large Language Models: A Survey}, 
      author={Yunfan Gao and Yun Xiong and Xinyu Gao and Kangxiang Jia and Jinliu Pan and Yuxi Bi and Yi Dai and Jiawei Sun and Meng Wang and Haofen Wang},
      year={2024},
      eprint={2312.10997},
      archivePrefix={arXiv},
      primaryClass={cs.CL},
      url={https://arxiv.org/abs/2312.10997}, 
}
@article{Rodriguez_Tuck_Dozier_Lewis_Eldridge_Jackson_Murray_Weir_2022,
      title={Current recommendations/practices for anonymising data from clinical trials in order to make it available for sharing: A scoping review},
      volume={19},
      DOI={10.1177/17407745221087469},
      number={4},
      journal={Clinical Trials},
      author={Rodriguez, Aryelly and Tuck, Christopher and Dozier, Marshall F and Lewis, Stephanie C and Eldridge, Sandra and Jackson, Tracy and Murray, Alastair and Weir, Christopher J},
      year={2022},
      month={6},
      pages={452–463}
} 
@misc{tan2024taskgentaskbasedmemoryinfusedagentic,
      title={TaskGen: A Task-Based, Memory-Infused Agentic Framework using StrictJSON}, 
      author={John Chong Min Tan and Prince Saroj and Bharat Runwal and Hardik Maheshwari and Brian Lim Yi Sheng and Richard Cottrill and Alankrit Chona and Ambuj Kumar and Mehul Motani},
      year={2024},
      eprint={2407.15734},
      archivePrefix={arXiv},
      primaryClass={cs.AI},
      url={https://arxiv.org/abs/2407.15734}, 
}
@misc{annamalai2024linearreconstructionapproachattribute,
      title={A Linear Reconstruction Approach for Attribute Inference Attacks against Synthetic Data}, 
      author={Meenatchi Sundaram Muthu Selva Annamalai and Andrea Gadotti and Luc Rocher},
      year={2024},
      eprint={2301.10053},
      archivePrefix={arXiv},
      primaryClass={cs.LG},
      url={https://arxiv.org/abs/2301.10053}, 
}
@misc{dong2024buildingguardrailslargelanguage,
      title={Building Guardrails for Large Language Models}, 
      author={Yi Dong and Ronghui Mu and Gaojie Jin and Yi Qi and Jinwei Hu and Xingyu Zhao and Jie Meng and Wenjie Ruan and Xiaowei Huang},
      year={2024},
      eprint={2402.01822},
      archivePrefix={arXiv},
      primaryClass={cs.CL},
      url={https://arxiv.org/abs/2402.01822}, 
}

@online{Synthea2024,
      author = {MITRE, Corporation},
      title = {Synthea},
      url = {https://synthetichealth.github.io/synthea/},
      urldate = {2024-11-29},
      year = {2024}
}
